@misc{schaller2017unsustainable,
  title={Unsustainable? The Growth of App-Based Ride Services and Traffic, Travel and the Future of New York City},
  author={Schaller, Bruce},
  year={2017},
  publisher={Schaller Consulting}
}