@misc{schaller2017unsustainable,
  title={Unsustainable? The Growth of App-Based Ride Services and Traffic, Travel and the Future of New York City},
  author={Schaller, Bruce},
  year={2017},
  publisher={Schaller Consulting}
},
@article{smith2016shared,
  title={Shared, collaborative and on demand: The new digital economy},
  author={Smith, Aaron},
  journal={Washington, DC: Pew Internet \& American Life Project. Retrieved May},
  volume={21},
  pages={2016},
  year={2016}
}