@misc{schaller2017unsustainable,
  title={Unsustainable? The Growth of App-Based Ride Services and Traffic, Travel and the Future of New York City},
  author={Schaller, Bruce},
  year={2017},
  publisher={Schaller Consulting}
},
@article{smith2016shared,
  title={Shared, collaborative and on demand: The new digital economy},
  author={Smith, Aaron},
  journal={Washington, DC: Pew Internet \& American Life Project. Retrieved May},
  volume={21},
  pages={2016},
  year={2016}
},
@techreport{clewlow2017disruptive,
  title={Disruptive transportation: the adoption, utilization, and impacts of ride-hailing in the United States},
  author={Clewlow, Regina R and Mishra, Gouri Shankar},
  year={2017},
  institution={Research Report--UCD-ITS-RR-17}
},
@article{troko2011public,
  title={Is public transport a risk factor for acute respiratory infection?},
  author={Troko, Joy and Myles, Puja and Gibson, Jack and Hashim, Ahmed and Enstone, Joanne and Kingdon, Susan and Packham, Christopher and Amin, Shahid and Hayward, Andrew and Van-Tam, Jonathan Nguyen},
  journal={BMC infectious diseases},
  volume={11},
  number={1},
  pages={16},
  year={2011},
  publisher={BioMed Central}
},
@article{cooley2011role,
  title={The role of subway travel in an influenza epidemic: a New York City simulation},
  author={Cooley, Philip and Brown, Shawn and Cajka, James and Chasteen, Bernadette and Ganapathi, Laxminarayana and Grefenstette, John and Hollingsworth, Craig R and Lee, Bruce Y and Levine, Burton and Wheaton, William D and others},
  journal={Journal of Urban Health},
  volume={88},
  number={5},
  pages={982},
  year={2011},
  publisher={Springer}
},
@article{yashima2014epidemic,
  title={Epidemic process over the commute network in a metropolitan area},
  author={Yashima, Kenta and Sasaki, Akira},
  journal={PloS one},
  volume={9},
  number={6},
  pages={e98518},
  year={2014},
  publisher={Public Library of Science}
},
@article{yang2015accurate,
  title={Accurate estimation of influenza epidemics using Google search data via ARGO},
  author={Yang, Shihao and Santillana, Mauricio and Kou, Samuel C},
  journal={Proceedings of the National Academy of Sciences},
  volume={112},
  number={47},
  pages={14473--14478},
  year={2015},
  publisher={National Acad Sciences}
},
@article{dugas2013influenza,
  title={Influenza forecasting with Google flu trends},
  author={Dugas, Andrea Freyer and Jalalpour, Mehdi and Gel, Yulia and Levin, Scott and Torcaso, Fred and Igusa, Takeru and Rothman, Richard E},
  journal={PloS one},
  volume={8},
  number={2},
  pages={e56176},
  year={2013},
  publisher={Public Library of Science}
},
@techreport{berger2017drivers,
  title={Drivers of disruption? Estimating the Uber effect},
  author={Berger, Thor and Chen, Chinchih and Frey, Carl Benedikt},
  year={2017}
}
